 @book{slotine1991applied,
 	title={Applied nonlinear control},
 	author={Slotine, Jean-Jacques E and Li, Weiping and others},
 	volume={199},
 	number={1},
 	year={1991},
 	publisher={Prentice hall Englewood Cliffs, NJ}
 }